@article{ixonManual,
  title={EMCCD readout sequence},
  author={Andor Technology Plc},
  journal={Andor iXon Users Guide},
  volume={Appendix},
  number={},
  pages={155},
  year={2007},
  publisher={Andor Technology Plc}
}

@article{tn,
    author = "SPECIM, SPECTRAL IMAGING LTD.",
    title = "Technical Notes of Specim Hyperspectral Spectrograph",
    year = {2021}
}

@article{manual,
    author = "SPECIM, SPECTRAL IMAGING LTD.",
    title = "User Manual of Specim Hyperspectral Spectrograph",
    year = {2021}
}